@book{ladefoged14,
  title={A course in phonetics},
  author={Ladefoged, Peter and Johnson, Keith},
  year={2011},
  publisher={Nelson Education}
}

